@article{example,
  author = {Autor, Ejemplo},
  title = {Título del artículo},
  journal = {Nombre del Journal},
  year = {2025},
  volume = {1},
  number = {1},
  pages = {1--10},
  publisher = {Editorial}
}
